@Book{lamport,
  author = 	 {Leslie Lamport},
  title = 	 {Das LaTeX-Handbuch},
  publisher = 	 {Addison-Wesley},
  year = 	 1995
}


@Book{werder,
  author = 	 {Lutz von Werder},
  title = 	 {Lehrbuch des wissenschaftlichen Schreibens},
  publisher = 	 {Schibri-Verlag},
  year = 	 1993
}

