@string{jam="J. Appl. Meteor."}
@string{ag="Acta Geop."}
@string{blm="Bound.-Layer Meteor."}
 
@article{basu2008a,
   author={Basu, S. and Vinuesa, J.-F. and Swift, A.},
   title={Dynamic {LES} modeling of a diurnal cycle},
   journal=jam,
   year={2008},
   volume={47},
   number={4},
   pages={1156-1174}
}
 
@article{basu2008b,
   author={Basu, S. and Holtslag, A. A. M. and Wiel, B. J. H. and Moene, A. F. and Steeneveld, G. J.},
   title={An inconvenient "truth" about using sensible heat flux as a surface boundary condition in models under stably stratified regimes},
   year={2008},
   journal=ag,
   volume={56},
   number={1},
   pages={88-99}
}
 
@ARTICLE{beare2006,
  author={Beare,R. J. and Macvean,M. K. and Holtslag,A. A. M. and Cuxart,J. and Esau,I. and Golaz,J. -. and Jimenez,M. A. and Khairoutdinov,M. and Kosovic,B. and Lewellen,D. and Lund,T. S. and Lundquist,J. K. and McCabe,A. and Moene,A. F. and Noh,Y. and Raasch,S. and Sullivan,P.},
  title={An intercomparison of large-eddy simulations of the stable boundary layer},
  journal=blm,
  year={2006},
  volume={118},
  number={2},
  pages={247-272}
}